 @misc{ wiki:1,
   author = "Wikipedia",
   title = "Conveyor belt",
   year = "2014",
   url = "http://en.wikipedia.org/wiki/Conveyor_belt",
   note = "[Accessed 24-January-2014]"
 }
 
 @book{book,
       author = {HC Verma},
       year = {2011},
       title = {Concept of Physics},
     }
 
  @misc{ box2d,
   title = "Box2D Official Site",
   year = "2014",
   url = "http://box2d.org",
   note = "[Accessed 24-January-2014]"
 }
 
  @misc{ sir,
  author="Prof Parag Chaudhary",
   title = "Official Site",
   year = "2014",
   url = "http://www.cse.iitb.ac.in/~paragc",
 }

